% Encoding: UTF-8

@article{xingshinianfenlun,
    title   = {论文题目},
    author  = {作者},
    key     = {Xing Ming},
    journal = {期刊名},
    volume  = {卷},
    number  = {期},
    pages   = {起止页码},
    year    = {出版年}
}

@article{li2000yi,
    title   = {医学院校物理实验现代化建设的一些设想},
    author  = {喀蔚波 and 李玉梅 and 孙大公 and 等},
    key     = {Li Yu Mei},
    journal = {大学物理},
    volume  = {19},
    number  = {4},
    pages   = {42--44},
    year    = {2000}
}

@manual{CTEX,
    title   = {\CTeX{}宏集手册},
    author  = {\href{http://www.ctex.org/}{CTEX.ORG}},
    edition = {v2.5.5},
    year    = {2020}
}

@book{zuozhenianfenshu,
    title     = {书名},
    author    = {作者},
    key       = {Xing Ming},
    year      = {出版年},
    edition   = {出版版次（第1版不用写）},
    address   = {出版地},
    publisher = {出版社},
    pages     = {起止页码}
}

@book{liu2013latex,
    title     = {\LaTeX{}入门},
    author    = {刘海洋},
    key       = {Liu Hai Yang},
    year      = {2013},
    address   = {北京},
    publisher = {电子工业出版社},
}

@book{hu2017latex,
    title     = {\LaTeXe{}文类和宏包学习手册},
    author    = {胡伟},
    key       = {Hu Wei},
    year      = {2017},
    address   = {北京},
    publisher = {清华大学出版社},
}

@book{wu2019shu,
    title     = {数学物理方法},
    author    = {吴崇试 and 高春媛},
    key       = {Wu Chong Shi Gao Chun Yuan},
    year      = {2019},
    edition   = {3},
    address   = {北京},
    publisher = {北京大学出版社}
}

@book{guo2008dian,
    title     = {电动力学},
    author    = {郭硕鸿},
    key       = {Guo Shuo Hong},
    year      = {2008},
    edition   = {3},
    address   = {北京},
    publisher = {高等教育出版社},
    pages     = {37--70}
}